% Pre-introduction

@book{apollo13,
  title={Apollo 13 Technical Air-to-Ground Voice Transcription},
  author={Test Division, Apollo Spacecraft Program Office},
  pages={165},
  year={1970},
  publisher={National Aeronautics and Space Administration Manned Spacecraft Center}
}

% Introduction

@online{spaceflight_antares,
  author = {Spaceflight 101},
  title = {NASA Report on Antares Launch Failure places Blame on AJ26 Engines},
  year = 2015,
  url = {http://spaceflight101.com/nasa-report-on-antares-launch-failure-places-blame-on-aj26-engines/},
  urldate = {2015-10-29}
}

@techreport{nasa_orb3,
author = {NASA Independent Review Team},
title = {Orb–3 Accident Investigation Report},
institution = {National Aeronautics and Space Administration},
month = {October},
year = {2015}
}

@online{spacex_crs7,
  author = {SpaceX},
  title = {CRS-7 Investigation Update},
  year = 2015,
  url = {http://www.spacex.com/news/2015/07/20/crs-7-investigation-update},
  urldate = {2015-07-20}
}

@online{procyon_status,
  author = {JAXA Institute of Space and Astronautical Science},
  title = {On the Status of the PROCYON Nanosatellite Probe},
  year = 2015,
  url = {http://www.isas.jaxa.jp/j/topics/topics/2015/1211.shtml},
  urldate = {2015-12-11}
}

% FDIR

@article{willsky1976survey,
  title={A survey of design methods for failure detection in dynamic systems},
  author={Willsky, Alan S},
  journal={Automatica},
  volume={12},
  number={6},
  pages={601--611},
  year={1976},
  publisher={Elsevier}
}

@inproceedings{vitelli2014fault,
  title={A fault recovery procedure based on Bayesian reasoning and decision analysis},
  author={Vitelli, Maria Carmela and Formato, Giuseppina and Vaccaro, Alfredo},
  booktitle={Metrology for Aerospace (MetroAeroSpace), 2014 IEEE},
  pages={413--417},
  year={2014},
  organization={IEEE}
}

@inproceedings{barua2005novel,
  title={A novel fault-tree approach for identifying potential causes of satellite reaction wheel failure},
  author={Barua, A and Sinha, P and Khorasani, K and Tafazoli, S},
  booktitle={Control Applications, 2005. CCA 2005. Proceedings of 2005 IEEE Conference on},
  pages={1467--1472},
  year={2005},
  organization={IEEE}
}

@article{hwang2010survey,
  title={A survey of fault detection, isolation, and reconfiguration methods},
  author={Hwang, Inseok and Kim, Sungwan and Kim, Youdan and Seah, Chze Eng},
  journal={Control Systems Technology, IEEE Transactions on},
  volume={18},
  number={3},
  pages={636--653},
  year={2010},
  publisher={IEEE}
}

@inproceedings{salarkaleji2013survey,
  title={A survey on Fault Detection, Isolation and Recovery (FDIR) module in satellite onboard software},
  author={SalarKaleji, Fatemeh and Dayyani, Aboulfazl},
  booktitle={Recent Advances in Space Technologies (RAST), 2013 6th International Conference on},
  pages={545--548},
  year={2013},
  organization={IEEE}
}

@inproceedings{brown1998overview,
  title={An overview of the fault protection design for the attitude control subsystem of the Cassini spacecraft},
  author={Brown, G Mark and Johnson, Sue and others},
  booktitle={American Control Conference, 1998. Proceedings of the 1998},
  volume={2},
  pages={884--898},
  year={1998},
  organization={IEEE}
}

@inproceedings{spirkovska2010anomaly,
  title={Anomaly Detection for Next-Generation Space Launch Ground Operations},
  author={Spirkovska, Lilly and Iverson, David L and Hall, David R and Taylor, WM and Patterson-Hine, Ann and Brown, BL and Ferrell, BA and Waterman, RD},
  booktitle={Proceedings of the AIAA SpaceOps 2010 Conference},
  year={2010}
}

@inproceedings{hammett1991application,
  title={Application of syndrome pattern-matching approach to fault isolation in avionic systems},
  author={Hammett, Robert and Luppold, Robert},
  booktitle={Digital Avionics Systems Conference, 1991. Proceedings., IEEE/AIAA 10th},
  pages={56--61},
  year={1991},
  organization={IEEE}
}

@inproceedings{brown1995attitude,
  title={Attitude and articulation control for the cassini spacecraft: A fault tolerance overview},
  author={Brown, G Mark and Bernard, Douglas E and Rasmussen, Robert D},
  booktitle={Digital Avionics Systems Conference, 1995., 14th DASC},
  pages={184--192},
  year={1995},
  organization={IEEE}
}

@inproceedings{paakko2001bayesian,
  title={Bayesian Networks for Advanced FDIR},
  author={Paakko, Matti and Myllym{\"a}ki, Petri and Holsti, Niklas and Tirri, Henry},
  booktitle={Proceedings of the ESA Workshop on On-Board Autonomy},
  pages={311--318},
  year={2001}
}

@incollection{kavulya2012failure,
  title={Failure Diagnosis of Complex Systems},
  author={Kavulya, Soila P and Joshi, Kaustubh and Di Giandomenico, Felicita and Narasimhan, Priya},
  booktitle={Resilience Assessment and Evaluation of Computing Systems},
  pages={239--261},
  year={2012},
  publisher={Springer}
}

@inproceedings{lin2006fault,
  title={Fault detection and analysis of control software for a mobile robot},
  author={Lin, Jiliang and Jiang, Jingping},
  booktitle={Intelligent Systems Design and Applications, 2006. ISDA'06. Sixth International Conference on},
  volume={1},
  pages={862--866},
  year={2006},
  organization={IEEE}
}

@article{patton1991fault,
  title={Fault detection and diagnosis in aerospace systems using analytical redundancy},
  author={Patton, Ron J},
  journal={Computing \& Control Engineering Journal},
  volume={2},
  number={3},
  pages={127--136},
  year={1991},
  publisher={IET}
}

@inproceedings{he2010fault,
  title={Fault detection and localization in smart grid: A probabilistic dependence graph approach},
  author={He, Miao and Zhang, Junshan},
  booktitle={Smart Grid Communications (SmartGridComm), 2010 First IEEE International Conference on},
  pages={43--48},
  year={2010},
  organization={IEEE}
}

@incollection{ferrell2010lessons,
  title={Lessons learned on implementing Fault Detection, Isolation, and Recovery (FDIR) in a Ground Launch Environment},
  author={Ferrell, Bob and Lewis, Mark and Perotti, Jose and Oostdyk, Rebecca and Goerz, Jesse and Brown, Barbara},
  booktitle={AIAA Infotech@ Aerospace 2010},
  pages={3547}
}

@inproceedings{castel2006fdir,
  title={FDIR Strategies For Autonomous Satellite Formations-A Preliminary Report},
  author={Castel, Charles and Gabard, Jean-Fran{\c{c}}ois and Tessier, Catherine and Laborde, Bertrand and Soumagne, Raymond},
  booktitle={Symposium Spacecraft Autonomy: Using AI to Expand Human Space Exploration},
  year={2006}
}

@article{rauch1994intelligent,
  title={Intelligent fault diagnosis and control reconfiguration},
  author={Rauch, Herbert E},
  journal={Control Systems, IEEE},
  volume={14},
  number={3},
  pages={6--12},
  year={1994},
  publisher={IEEE}
}

@article{kurien2010intrinsic,
  title={Intrinsic hurdles in applying automated diagnosis and recovery to spacecraft},
  author={Kurien, James and Moreno, Mar{\'\i}a DR},
  journal={Systems, Man and Cybernetics, Part A: Systems and Humans, IEEE Transactions on},
  volume={40},
  number={5},
  pages={945--958},
  year={2010},
  publisher={IEEE}
}

@article{isermann1984process,
  title={Process fault detection based on modeling and estimation methods—a survey},
  author={Isermann, Rolf},
  journal={Automatica},
  volume={20},
  number={4},
  pages={387--404},
  year={1984},
  publisher={Elsevier}
}

@inproceedings{larson2002model,
  title={Model-based sensor and actuator fault detection and isolation},
  author={Larson, Edward C and Parker Jr, Eugene B and Clark, Brian R},
  booktitle={American Control Conference, 2002. Proceedings of the 2002},
  volume={5},
  pages={4215--4219},
  year={2002},
  organization={IEEE}
}

@article{paakkomodern,
  title={Modern AI Approaches for Building Robust FDIR Components},
  author={Paakko, Matti and Myllym{\"a}ki, Petri and Holsti, Niklas and Tirri, Henry}
}

@inproceedings{washington2000board,
  title={On-board real-time state and fault identification for rovers},
  author={Washington, Richard},
  booktitle={Robotics and Automation, 2000. Proceedings. ICRA'00. IEEE International Conference on},
  volume={2},
  pages={1175--1181},
  year={2000},
  organization={IEEE}
}

@inproceedings{schwabacher2008pre,
  title={Pre-launch diagnostics for launch vehicles},
  author={Schwabacher, Mark and Waterman, Robert},
  booktitle={Aerospace Conference, 2008 IEEE},
  pages={1--8},
  year={2008},
  organization={IEEE}
}

@inproceedings{dearden2004real,
  title={Real-time fault detection and situational awareness for rovers: Report on the mars technology program task},
  author={Dearden, Richard and Willeke, Thomas and Simmons, Reid and Verma, Vandi and Hutter, Frank and Thrun, Sebastian},
  booktitle={Aerospace Conference, 2004. Proceedings. 2004 IEEE},
  volume={2},
  pages={826--840},
  year={2004},
  organization={IEEE}
}

@inproceedings{tipaldi2014spacecraft,
  title={Spacecraft health monitoring and management systems},
  author={Tipaldi, Massimo and Bruenjes, Bernhard},
  booktitle={Metrology for Aerospace (MetroAeroSpace), 2014 IEEE},
  pages={68--72},
  year={2014},
  organization={IEEE}
}

@inproceedings{aycard2000state,
  title={State identification for planetary rovers: Learning and recognition},
  author={Aycard, Olivier and Washington, Richard},
  booktitle={Robotics and Automation, 2000. Proceedings. ICRA'00. IEEE International Conference on},
  volume={2},
  pages={1163--1168},
  year={2000},
  organization={IEEE}
}

@article{holsti2001towards,
  title={Towards advanced FDIR components},
  author={Holsti, Niklas and Paakko, Matti},
  journal={Data Systems in Aerospace, DASIA 2001},
  year={2001}
}

@inproceedings{king2012use,
  title={Use of confidence limits in the setting of On-Board Diagnostic thresholds},
  author={King, Paul J and Burnham, Keith J},
  booktitle={Control (CONTROL), 2012 UKACC International Conference on},
  pages={708--712},
  year={2012},
  organization={IEEE}
}

@article{king2010use,
  title={Use of generalised Pareto models to set on-board diagnostic failure thresholds},
  author={King, Paul J and Burnham, Keith J},
  year={2010},
  publisher={IET}
}

% Correlative Analysis

@online{spearmans,
  author = {Laird Statistics},
  title = {Spearman's Rank-Order Correlation},
  year = 2016,
  url = {https://statistics.laerd.com/statistical-guides/spearmans-rank-order-correlation-statistical-guide.php},
  urldate = {2016-02-28}
}

@online{kendalls1,
  author = {Chi Yau},
  title = {Kendall Rank Coefficient},
  year = 2016,
  url = {http://www.r-tutor.com/gpu-computing/correlation/kendall-rank-coefficient},
  urldate = {2016-02-28}
}

@online{kendalls2,
  author = {Laird Statistics},
  title = {Kendall's Tau-b using SPSS Statistics},
  year = 2016,
  url = {https://statistics.laerd.com/spss-tutorials/kendalls-tau-b-using-spss-statistics.php},
  urldate = {2016-02-28}
}

@article{anscombe1973graphs,
  title={Graphs in statistical analysis},
  author={Anscombe, Francis J},
  journal={The American Statistician},
  volume={27},
  number={1},
  pages={17--21},
  year={1973},
  publisher={Taylor \& Francis Group}
}

@online{xkcd_correlation,
  author = {Munroe, Randall},
  title = {xkcd: Correlation},
  year = 2016,
  url = {https://xkcd.com/552/},
  urldate = {2016-02-28}
}

% Visualization of Correlation

@article{murdoch1996graphical,
  title={A graphical display of large correlation matrices},
  author={Murdoch, DJ and Chow, ED},
  journal={The American Statistician},
  volume={50},
  number={2},
  pages={178--180},
  year={1996},
  publisher={Taylor \& Francis Group}
}

@article{friendly2002corrgrams,
  title={Corrgrams: Exploratory displays for correlation matrices},
  author={Friendly, Michael},
  journal={The American Statistician},
  volume={56},
  number={4},
  pages={316--324},
  year={2002},
  publisher={Taylor \& Francis}
}

@article{rummelcorrelation,
  title={Understanding Correlation},
  author={Rummel, RJ},
  year={1976}
}

@inproceedings{yeh2007exploratory,
  title={Exploratory visualization of correlation matrices},
  author={Yeh, Shi-Tao and GlaxoSmithKline and King of Prussia, PA},
  booktitle={NorthEast SAS Users Group (NESUG) conference 2007},
  year={2007}
}

@inproceedings{liu2010netclinic,
  title={Netclinic: Interactive visualization to enhance automated fault diagnosis in enterprise networks},
  author={Liu, Zhicheng and Lee, Bongshin and Kandula, Srikanth and Mahajan, Ratul},
  booktitle={Visual Analytics Science and Technology (VAST), 2010 IEEE Symposium on},
  pages={131--138},
  year={2010},
  organization={IEEE}
}

@article{hills1969looking,
  title={On looking at large correlation matrices},
  author={Hills, M},
  journal={Biometrika},
  volume={56},
  number={2},
  pages={249--253},
  year={1969},
  publisher={Biometrika Trust}
}

@inproceedings{muller2003visualization,
  title={Visualization methods for time-dependent data-an overview},
  author={M{\"u}ller, Wolfgang and Schumann, Heidrun},
  booktitle={Simulation Conference, 2003. Proceedings of the 2003 Winter},
  volume={1},
  pages={737--745},
  year={2003},
  organization={IEEE}
}

@inproceedings{lin2004visually,
  title={Visually mining and monitoring massive time series},
  author={Lin, Jessica and Keogh, Eamonn and Lonardi, Stefano and Lankford, Jeffrey P and Nystrom, Donna M},
  booktitle={Proceedings of the tenth ACM SIGKDD international conference on Knowledge discovery and data mining},
  pages={460--469},
  year={2004},
  organization={ACM}
}

@inproceedings{cancro2007interactive,
  title={An Interactive Visualization System for Analyzing Spacecraft Telemetry},
  author={Cancro, George and Turner, Russell and Nguyen, Lilian and Li, Angela and Sibol, Deane and Gersh, John and Piatko, Christine and Montemayor, Jaime and McKerracher, Priscilla},
  booktitle={Aerospace Conference, 2007 IEEE},
  pages={1--9},
\centering
    \includegraphics[width=\columnwidth]{images/moonraker.jpg}
    \caption{Hakuto's Moonraker ``Pre-Flight Model 2." Photo by George Thomas Mendel.}
    \label{fig:moonraker}
\end{figure}

  year={2007},
  organization={IEEE}
}

@inproceedings{yairi1992telemetry,
  title={Telemetry-mining: a machine learning approach to anomaly detection and fault diagnosis for space systems},
  author={Yairi, Takehisa and Kawahara, Yoshinobu and Fujimaki, Ryohei and Sato, Yuichi and Machida, Kazuo},
  booktitle={Space Mission Challenges for Information Technology, 2006. SMC-IT 2006. Second IEEE International Conference on},
  pages={8--pp},
  year={1992},
  organization={IEEE}
}

% Moonraker

@online{rabbithole,
  author = {Dauna Coulter},
  title = {Down the Lunar Rabbit-hole},
  year = 2010,
  url = {http://science.nasa.gov/science-news/science-at-nasa/2010/12jul_rabbithole/},
  urldate = {2010-07-12}
}

@online{xprize,
  title = {Google Sponsors Lunar X PRIZE to Create a Space Race for a New Generation},
  year = 2007,
  url = {http://lunar.xprize.org/press-release/google-sponsors-lunar-xprize-create-space-race-new-generation},
  urldate = {2007-09-13}
}

@online{jplunity,
  author = {Unity Technologies},
  title = {Unity Powers NASA Virtual Mars Rover Experience},
  year = 2012,
  url = { http://www.marketwired.com/press-release/unity-powers-nasa-virtual-mars-rover-experience-1680327.htm},
  urldate = {2012-07-16}
}

@inproceedings{vollebregt2004enhancing,
  title={Enhancing diagnostics through the visualization of air vehicle data},
  author={Vollebregt, AM and Ost, RC and Verwer, SE and Donker, JC},
  booktitle={Aerospace Conference, 2004. Proceedings. 2004 IEEE},
  volume={6},
  pages={3686--3691},
  year={2004},
  organization={IEEE}
}

@inproceedings{britton2015lunar,
  title={Lunar Micro Rover Design for Exploration through Virtual Reality Tele-operation},
  author={Britton, Nathan and Yoshida, Kazuya and Walker, John and Nagatani, Keiji and Taylor, Graeme and Dauphin, Lo{\"\i}c},
  booktitle={Field and Service Robotics},
  pages={259--272},
  year={2015},
  organization={Springer}
}

@inproceedings{fox1999user,
  title={User-Centered Design of Spacecraft Ground DATA Systems at NASA'S Goddard sPACE FLIGHT CENTER},
  author={Fox, Jeffrey and Breed, Julie and Moe, Karen and Pfister, Robin and Truszkowski, Walter and Uehling, Dana L and Donkers, Adriane and Murphy, Elizabeth},
  booktitle={2nd International Symposium on Spacecraft Ground Control and Data Systems (SCD II), Foz do Iguaccu},
  year={1999}
}

@inproceedings{walker2015update,
  title={Update on the Qualiﬁcation of the Hakuto Micro-Rover for the Google Lunar X-Prize},
  author={Walker, John and Britton, Nathan and Yoshida, Kazuya and Shimizu, Toshiro and Burtz, Louis and Pala, Alperen},
  booktitle={Proceedings of The 10th Conference on Field and Service Robotics (2015)},
  year={2015}
}

% Dimensional Reduction and Visualization Improvements

@article{dunia1998subspace,
  title={Subspace approach to multidimensional fault identification and reconstruction},
  author={Dunia, Ricardo and Joe Qin, S},
  journal={AIChE Journal},
  volume={44},
  number={8},
  pages={1813--1831},
  year={1998},
  publisher={Wiley Online Library}
}

@article{breiger1975algorithm,
  title={An algorithm for clustering relational data with applications to social network analysis and comparison with multidimensional scaling},
  author={Breiger, Ronald L and Boorman, Scott A and Arabie, Phipps},
  journal={Journal of mathematical psychology},
  volume={12},
  number={3},
  pages={328--383},
  year={1975},
  publisher={Elsevier}
}

@article{wickelmaier2003introduction,
  title={An introduction to MDS},
  author={Wickelmaier, Florian},
  journal={Sound Quality Research Unit, Aalborg University, Denmark},
  year={2003},
  publisher={Citeseer}
}

@inproceedings{gao2012fault,
  title={Fault detection and diagnosis for spacecraft using principal component analysis and support vector machines},
  author={Gao, Yu and Yang, Tianshe and Xing, Nan and Xu, Minqiang},
  booktitle={Industrial Electronics and Applications (ICIEA), 2012 7th IEEE Conference on},
  pages={1984--1988},
  year={2012},
  organization={IEEE}
}

@article{tharrault2008fault,
  title={Fault detection and isolation with robust principal component analysis},
  author={Tharrault, Yvon and Mourot, Gilles and Ragot, Jos{\'e} and Maquin, Didier},
  journal={International Journal of Applied Mathematics and Computer Science},
  volume={18},
  number={4},
  pages={429--442},
  year={2008}
}

@article{russell2000fault,
  title={Fault detection in industrial processes using canonical variate analysis and dynamic principal component analysis},
  author={Russell, Evan L and Chiang, Leo H and Braatz, Richard D},
  journal={Chemometrics and Intelligent Laboratory Systems},
  volume={51},
  number={1},
  pages={81--93},
  year={2000},
  publisher={Elsevier}
}

@article{van2016reducing,
  title={Reducing snapshots to points: A visual analytics approach to dynamic network exploration},
  author={van den Elzen, Stef and Holten, Danny and Blaas, Jorik and van Wijk, Jarke J},
  journal={Visualization and Computer Graphics, IEEE Transactions on},
  volume={22},
  number={1},
  pages={1--10},
  year={2016},
  publisher={IEEE}
}

@article{bach2016time,
  title={Time curves: Folding time to visualize patterns of temporal evolution in data},
  author={Bach, Benjamin and Shi, Conglei and Heulot, Nicolas and Madhyastha, Tara and Grabowski, Tom and Dragicevic, Pierre},
  journal={Visualization and Computer Graphics, IEEE Transactions on},
  volume={22},
  number={1},
  pages={559--568},
  year={2016},
  publisher={IEEE}
}

@inproceedings{villegas2010principal,
  title={Principal component analysis for fault detection and diagnosis. experience with a pilot plant},
  author={Villegas, Thamara and Fuente, Mar{\'\i}a Jes{\'u}s and Rodr{\'\i}guez, Miguel},
  booktitle={Proceedings of the 9th WSEAS international conference on computational intelligence, man-machine systems and cybernetics},
  pages={147--152},
  year={2010}
}

